<?xml version="1.0" encoding="UTF-8"?><collection xmlns="http://www.loc.gov/MARC21/slim"><record><leader>00412nam--2200133-i-4500</leader><controlfield tag="001">000020256</controlfield><controlfield tag="002">20161230</controlfield><controlfield tag="005">20161230201033</controlfield><controlfield tag="008">060222s1000------------r-----000-0-eng-d</controlfield><datafield ind1=" " ind2=" " tag="080"><subfield code="a">620.1</subfield></datafield><datafield ind1=" " ind2=" " tag="245"><subfield code="a">The materials processing reserch base of the materials processsing center</subfield></datafield><datafield ind1=" " ind2=" " tag="260"><subfield code="a">Washington, National Aeronautics And Space Administration, 1981.   287 P</subfield></datafield><datafield ind1=" " ind2=" " tag="700"><subfield code="a">Fleming, Merton C./S.A.</subfield></datafield><datafield ind1=" " ind2=" " tag="852"><subfield code="a">72484</subfield></datafield></record></collection>